% PAPERS THAT ARE RELATED TO MICROSERVICES AND SOA IN GENERAL

@inproceedings{di2018migrating,
  title={Migrating towards microservice architectures: an industrial survey},
  author={Di Francesco, Paolo and Lago, Patricia and Malavolta, Ivano},
  booktitle={2018 IEEE International Conference on Software Architecture (ICSA)},
  pages={29--2909},
  year={2018},
  organization={IEEE}
}

@article{dragoni2017yesterday,
  title={Microservices: yesterday, today, and tomorrow},
  author={Dragoni, Nicola and Giallorenzo, Saverio and Lafuente, Alberto Lluch and Mazzara, Manuel and Montesi, Fabrizio and Mustafin, Ruslan and Safina, Larisa},
  journal={Present and ulterior software engineering},
  pages={195--216},
  year={2017},
  publisher={Springer}
}

@inproceedings{dragoni2017microservices,
  title={Microservices: How to make your application scale},
  author={Dragoni, Nicola and Lanese, Ivan and Larsen, Stephan Thordal and Mazzara, Manuel and Mustafin, Ruslan and Safina, Larisa},
  booktitle={International Andrei Ershov Memorial Conference on Perspectives of System Informatics},
  pages={95--104},
  year={2017},
  organization={Springer}
}

@book{evans2004domain,
  author = {Evans, Eric and Evans, Eric J},
  publisher = {Addison-Wesley Professional},
  title = {{Domain-driven design: tackling complexity in the heart of software}},
  year = {2004}
}

@inproceedings{fritzsch2019microservices,
  title={Microservices migration in industry: intentions, strategies, and challenges},
  author={Fritzsch, Jonas and Bogner, Justus and Wagner, Stefan and Zimmermann, Alfred},
  booktitle={2019 IEEE International Conference on Software Maintenance and Evolution (ICSME)},
  pages={481--490},
  year={2019},
  organization={IEEE}
}

@inproceedings{fritzsch2018monolith,
  title={From monolith to microservices: a classification of refactoring approaches},
  author={Fritzsch, Jonas and Bogner, Justus and Zimmermann, Alfred and Wagner, Stefan},
  booktitle={International Workshop on Software Engineering Aspects of Continuous Development and New Paradigms of Software Production and Deployment},
  pages={128--141},
  year={2018},
  organization={Springer}
}

@inproceedings{kalske2017challenges,
  title={Challenges when moving from monolith to microservice architecture},
  author={Kalske, Miika and M{\"a}kitalo, Niko and Mikkonen, Tommi},
  booktitle={International Conference on Web Engineering},
  pages={32--47},
  year={2017},
  organization={Springer}
}

@book{newman2015building,
  title={Building microservices: designing fine-grained systems},
  author={Newman, Sam},
  year={2015},
  publisher={" O'Reilly Media, Inc."}
}

@inproceedings{ponce2019migrating,
  title={Migrating from monolithic architecture to microservices: A Rapid Review},
  author={Ponce, Francisco and Márquez, Gastón and Astudillo, Hernán},
  booktitle={2019 38th International Conference of the Chilean Computer Science Society (SCCC)},
  pages={1--7},
  year={2019},
  organization={IEEE}
}

@article{thones2015microservices,
  title={Microservices},
  author={Th{\"o}nes, Johannes},
  journal={IEEE software},
  volume={32},
  number={1},
  pages={116--116},
  year={2015},
  publisher={IEEE}
}

@article{zimmermann2017microservices,
  title={Microservices tenets},
  author={Zimmermann, Olaf},
  journal={Computer Science-Research and Development},
  volume={32},
  number={3},
  pages={301--310},
  year={2017},
  publisher={Springer}
}

