% PAPERS THAT ARE RELATED TO NOTHING

@inproceedings{adjoyan2014service,
  title={Service identification based on quality metrics object-oriented legacy system migration towards soa},
  author={Adjoyan, Seza and Seriai, Abdelhak-Djamel and Shatnawi, Anas},
  booktitle={SEKE: Software Engineering and Knowledge Engineering},
  pages={1--6},
  year={2014},
  organization={Knowledge Systems Institute Graduate School}
}

@article{alon2019code2vec,
  title={code2vec: Learning distributed representations of code},
  author={Alon, Uri and Zilberstein, Meital and Levy, Omer and Yahav, Eran},
  journal={Proceedings of the ACM on Programming Languages},
  volume={3},
  number={POPL},
  pages={1--29},
  year={2019},
  publisher={ACM New York, NY, USA}
}

@article{johnson1967hierarchical,
  title={Hierarchical clustering schemes},
  author={Johnson, Stephen C},
  journal={Psychometrika},
  volume={32},
  number={3},
  pages={241--254},
  year={1967},
  publisher={Springer}
}

@article{kirkpatrick1983optimization,
  title={Optimization by simulated annealing},
  author={Kirkpatrick, Scott and Gelatt, C Daniel and Vecchi, Mario P},
  journal={science},
  volume={220},
  number={4598},
  pages={671--680},
  year={1983},
  publisher={American association for the advancement of science}
}

@inproceedings{kobayashi2012feature,
  title={Feature-gathering dependency-based software clustering using dedication and modularity},
  author={Kobayashi, Kenichi and Kamimura, Manabu and Kato, Koki and Yano, Keisuke and Matsuo, Akihiko},
  booktitle={2012 28th IEEE International Conference on Software Maintenance (ICSM)},
  pages={462--471},
  year={2012},
  organization={IEEE}
}

@article{newman2004fast,
  title={Fast algorithm for detecting community structure in networks},
  author={Newman, Mark EJ},
  journal={Physical review E},
  volume={69},
  number={6},
  pages={066133},
  year={2004},
  publisher={APS}
}

@article{girvan2002community,
    author = {Girvan, Michelle and Newman, Mark E J},
    journal = {Proceedings of the national academy of sciences},
    number = {12},
    pages = {7821--7826},
    publisher = {National Acad Sciences},
    title = {{Community structure in social and biological networks}},
    volume = {99},
    year = {2002}
}

@incollection{rokach2005clustering,
  title={Clustering methods},
  author={Rokach, Lior and Maimon, Oded},
  booktitle={Data mining and knowledge discovery handbook},
  pages={321--352},
  year={2005},
  publisher={Springer}
}
