% PAPERS THAT ARE RELATED TO RESEARCH METHODS

@article{hevner2004design,
author = {Hevner, Alan R and March, Salvatore T and Park, Jinsoo and Ram, Sudha},
journal = {MIS quarterly},
mendeley-groups = {Research Methods},
pages = {75--105},
publisher = {JSTOR},
title = {{Design science in information systems research}},
year = {2004}
}

@inproceedings{offermann2009outline,
author = {Offermann, Philipp and Levina, Olga and Sch{\"{o}}nherr, Marten and Bub, Udo},
booktitle = {Proceedings of the 4th International Conference on Design Science Research in Information Systems and Technology},
mendeley-groups = {Research Methods},
pages = {1--11},
title = {{Outline of a design science research process}},
year = {2009}
}

@article{peffers2007design,
author = {Peffers, Ken and Tuunanen, Tuure and Rothenberger, Marcus A and Chatterjee, Samir},
journal = {Journal of management information systems},
mendeley-groups = {Research Methods},
number = {3},
pages = {45--77},
publisher = {Taylor {\&} Francis},
title = {{A design science research methodology for information systems research}},
volume = {24},
year = {2007}
}

@article{petersen2015guidelines,
  title={Guidelines for conducting systematic mapping studies in software engineering: An update},
  author={Petersen, Kai and Vakkalanka, Sairam and Kuzniarz, Ludwik},
  journal={Information and Software Technology},
  volume={64},
  pages={1--18},
  year={2015},
  publisher={Elsevier}
}

@article{venable2017choosing,
  title={Choosing a design science research methodology},
  author={Venable, John R and Pries-Heje, Jan and Baskerville, Richard L},
  year={2017}
}

@book{wieringa2014design,
author = {Wieringa, Roel J},
mendeley-groups = {Research Methods},
publisher = {Springer},
title = {{Design science methodology for information systems and software engineering}},
year = {2014}
}

@inproceedings{wohlin2014guidelines,
  title={Guidelines for snowballing in systematic literature studies and a replication in software engineering},
  author={Wohlin, Claes},
  booktitle={Proceedings of the 18th international conference on evaluation and assessment in software engineering},
  pages={1--10},
  year={2014}
}