% PAPERS THAT ARE RELATED TO MICROSERVICE IDENTIFICATION METHODS THAT USE STATIC OR DYNAMIC DATA 

% PUT THEM ALPHABETICALLY

% --------------------------------
% PAPERS USED IN LITERATURE REVIEW
% --------------------------------

@article{al2021microservice,
  title={A Microservice Decomposition Method Through Using Distributed Representation of Source Code},
  author={Al-Debagy, Omar and Martinek, Peter},
  journal={Scalable Computing: Practice and Experience},
  volume={22},
  number={1},
  pages={39--52},
  year={2021}
}

@inproceedings{brito2021identification,
  title={Identification of microservices from monolithic applications through topic modelling},
  author={Brito, Miguel and Cunha, J{\'a}come and Saraiva, Jo{\~a}o},
  booktitle={Proceedings of the 36th Annual ACM Symposium on Applied Computing},
  pages={1409--1418},
  year={2021}
}

@inproceedings{de2018function,
  title={Function-splitting heuristics for discovery of microservices in enterprise systems},
  author={De Alwis, Adambarage Anuruddha Chathuranga and Barros, Alistair and Polyvyanyy, Artem and Fidge, Colin},
  booktitle={International Conference on Service-Oriented Computing},
  pages={37--53},
  year={2018},
  organization={Springer}
}

@inproceedings{eski2018automatic,
  title={An automatic extraction approach: Transition to microservices architecture from monolithic application},
  author={Eski, Sinan and Buzluca, Feza},
  booktitle={Proceedings of the 19th International Conference on Agile Software Development: Companion},
  pages={1--6},
  year={2018}
}

@article{jin2019service,
  title={Service candidate identification from monolithic systems based on execution traces},
  author={Jin, Wuxia and Liu, Ting and Cai, Yuanfang and Kazman, Rick and Mo, Ran and Zheng, Qinghua},
  journal={IEEE Transactions on Software Engineering},
  year={2019},
  publisher={IEEE}
}

@inproceedings{jin2018functionality,
  title={Functionality-oriented microservice extraction based on execution trace clustering},
  author={Jin, Wuxia and Liu, Ting and Zheng, Qinghua and Cui, Di and Cai, Yuanfang},
  booktitle={2018 IEEE International Conference on Web Services (ICWS)},
  pages={211--218},
  year={2018},
  organization={IEEE}
}

@inproceedings{kamimura2018extracting,
  title={Extracting Candidates of Microservices from Monolithic Application Code},
  author={Kamimura, Manabu and Yano, Keisuke and Hatano, Tomomi and Matsuo, Akihiko},
  booktitle={2018 25th Asia-Pacific Software Engineering Conference (APSEC)},
  pages={571--580},
  year={2018},
  organization={IEEE}
}

@article{lohnertz2020steinmetz,
  title={Steinmetz: Toward automatic decomposition of monolithic software into microservices},
  author={Löhnertz, Jakob and Oprescu, Ana Maria},
  year={2020}
}

@inproceedings{matias2020determining,
  title={Determining Microservice Boundaries: A Case Study Using Static and Dynamic Software Analysis},
  author={Matias, Tiago and Correia, Filipe F and Fritzsch, Jonas and Bogner, Justus and Ferreira, Hugo S and Restivo, André},
  booktitle={European Conference on Software Architecture},
  pages={315--332},
  year={2020},
  organization={Springer}
}

@inproceedings{mazlami2017extraction,
  title={Extraction of microservices from monolithic software architectures},
  author={Mazlami, Genc and Cito, Jürgen and Leitner, Philipp},
  booktitle={2017 IEEE International Conference on Web Services (ICWS)},
  pages={524--531},
  year={2017},
  organization={IEEE}
}

@inproceedings{nunes2019monolith,
  title={From a Monolith to a Microservices Architecture: An Approach Based on Transactional Contexts},
  author={Nunes, Luís and Santos, Nuno and Silva, António Rito},
  booktitle={European Conference on Software Architecture},
  pages={37--52},
  year={2019},
  organization={Springer}
}

@inproceedings{ren2018migrating,
  title={Migrating web applications from monolithic structure to microservices architecture},
  author={Ren, Zhongshan and Wang, Wei and Wu, Guoquan and Gao, Chushu and Chen, Wei and Wei, Jun and Huang, Tao},
  booktitle={Proceedings of the Tenth Asia-Pacific Symposium on Internetware},
  pages={1--10},
  year={2018}
}

@inproceedings{saidani2019towards,
  title={Towards automated microservices extraction using muti-objective evolutionary search},
  author={Saidani, Islem and Ouni, Ali and Mkaouer, Mohamed Wiem and Saied, Aymen},
  booktitle={International Conference on Service-Oriented Computing},
  pages={58--63},
  year={2019},
  organization={Springer}
}

@inproceedings{selmadji2018re,
  title={Re-architecting oo software into microservices},
  author={Selmadji, Anfel and Seriai, Abdelhak-Djamel and Bouziane, Hinde Lilia and Dony, Christophe and Mahamane, Rahina Oumarou},
  booktitle={European Conference on Service-Oriented and Cloud Computing},
  pages={65--73},
  year={2018},
  organization={Springer}
}

@inproceedings{selmadji2020monolithic,
  title={From monolithic architecture style to microservice one based on a semi-automatic approach},
  author={Selmadji, Anfel and Seriai, Abdelhak-Djamel and Bouziane, Hinde Lilia and Mahamane, Rahina Oumarou and Zaragoza, Pascal and Dony, Christophe},
  booktitle={2020 IEEE International Conference on Software Architecture (ICSA)},
  pages={157--168},
  year={2020},
  organization={IEEE}
}

@inproceedings{taibi2019monolithic,
  title={From Monolithic Systems to Microservices: A Decomposition Framework based on Process Mining.},
  author={Taibi, Davide and Systä, Kari},
  booktitle={CLOSER},
  pages={153--164},
  year={2019}
}

@inproceedings{zhang2020automated,
  title={Automated Microservice Identification in Legacy Systems with Functional and Non-Functional Metrics},
  author={Zhang, Yukun and Liu, Bo and Dai, Liyun and Chen, Kang and Cao, Xuelian},
  booktitle={2020 IEEE International Conference on Software Architecture (ICSA)},
  pages={135--145},
  year={2020},
  organization={IEEE}
}

% ---------------------------
% ---------------------------

% OTHER MICROSERVICES APPROACHES

@inproceedings{chen2017monolith,
  title={From monolith to microservices: a dataflow-driven approach},
  author={Chen, Rui and Li, Shanshan and Li, Zheng},
  booktitle={2017 24th Asia-Pacific Software Engineering Conference (APSEC)},
  pages={466--475},
  year={2017},
  organization={IEEE}
}

@inproceedings{daoud2020towards,
  title={Towards an Automatic Identification of Microservices from Business Processes},
  author={Daoud, Mohamed and El Mezouari, Asmae and Faci, Noura and Benslimane, Djamal and Maamar, Zakaria and El Fazziki, Aziz},
  booktitle={2020 IEEE 29th International Conference on Enabling Technologies: Infrastructure for Collaborative Enterprises (WETICE)},
  pages={42--47},
  year={2020},
  organization={IEEE}
}

@inproceedings{gysel2016service,
  title={Service cutter: A systematic approach to service decomposition},
  author={Gysel, Michael and K{\"o}lbener, Lukas and Giersche, Wolfgang and Zimmermann, Olaf},
  booktitle={European Conference on Service-Oriented and Cloud Computing},
  pages={185--200},
  year={2016},
  organization={Springer}
}

@inproceedings{krause2020microservice,
  title={Microservice Decomposition via Static and Dynamic Analysis of the Monolith},
  author={Krause, Alexander and Zirkelbach, Christian and Hasselbring, Wilhelm and Lenga, Stephan and Kröger, Dan},
  booktitle={2020 IEEE International Conference on Software Architecture Companion (ICSA-C)},
  pages={9--16},
  year={2020},
  organization={IEEE}
}

@article{levcovitz2016towards,
  title={Towards a technique for extracting microservices from monolithic enterprise systems},
  author={Levcovitz, Alessandra and Terra, Ricardo and Valente, Marco Tulio},
  journal={arXiv preprint arXiv:1605.03175},
  year={2016}
}
