@inproceedings{marcus2001identification,
  title={Identification of high-level concept clones in source code},
  author={Marcus, Andrian and Maletic, Jonathan I},
  booktitle={Proceedings 16th Annual International Conference on Automated Software Engineering (ASE 2001)},
  pages={107--114},
  year={2001},
  organization={IEEE}
}

@inproceedings{ramos2003using,
  title={Using tf-idf to determine word relevance in document queries},
  author={Ramos, Juan and others},
  booktitle={Proceedings of the first instructional conference on machine learning},
  volume={242},
  number={1},
  pages={29--48},
  year={2003},
  organization={Citeseer}
}

@inproceedings{plisson2004rule,
  title={A rule based approach to word lemmatization},
  author={Plisson, Jo{\"e}l and Lavrac, Nada and Mladenic, Dunja and others},
  booktitle={Proceedings of IS},
  volume={3},
  pages={83--86},
  year={2004}
}