% PAPERS THAT ARE RELATED TO SOFTWARE CLUSTERING METHODS

% PUT THEM ALPHABETICALLY

@article{alsarhan2020software,
  title={Software Module Clustering: An In-Depth Literature Analysis},
  author={Alsarhan, Qusay and Ahmed, Bestoun S and Bures, Miroslav and Zamli, Kamal Zuhairi},
  journal={IEEE Transactions on Software Engineering},
  year={2020},
  publisher={IEEE}
}

@article{andritsos2005information,
  title={Information-theoretic software clustering},
  author={Andritsos, Periklis and Tzerpos, Vassilios},
  journal={IEEE Transactions on Software Engineering},
  volume={31},
  number={2},
  pages={150--165},
  year={2005},
  publisher={IEEE}
}

@inproceedings{anquetil1998extracting,
  title={Extracting concepts from file names; a new file clustering criterion},
  author={Anquetil, Nicolas and Lethbridge, Timothy},
  booktitle={Proceedings of the 20th international conference on Software engineering},
  pages={84--93},
  year={1998},
  organization={IEEE}
}

@inproceedings{anquetil1999experiments,
  title={Experiments with clustering as a software remodularization method},
  author={Anquetil, Nicolas and Lethbridge, Timothy C},
  booktitle={Sixth Working Conference on Reverse Engineering (Cat. No. PR00303)},
  pages={235--255},
  year={1999},
  organization={IEEE}
}

@inproceedings{beck2011congruence,
  title={On the congruence of modularity and code coupling},
  author={Beck, Fabian and Diehl, Stephan},
  booktitle={Proceedings of the 19th ACM SIGSOFT symposium and the 13th European conference on Foundations of software engineering},
  pages={354--364},
  year={2011}
}

@article{belady1981system,
  title={System partitioning and its measure},
  author={Belady, Laszlo A and Evangelisti, Carlo J},
  journal={Journal of Systems and Software},
  volume={2},
  number={1},
  pages={23--29},
  year={1981},
  publisher={Elsevier}
}

@article{chatterjee2002wca,
  title={WCA: A weighted clustering algorithm for mobile ad hoc networks},
  author={Chatterjee, Mainak and Das, Sajal K and Turgut, Damla},
  journal={Cluster computing},
  volume={5},
  number={2},
  pages={193--204},
  year={2002},
  publisher={Springer}
}

@InProceedings{Doval1999,
  author={Doval, Diego and Mancoridis, Spiros and Mitchell, Brian S},
  booktitle={STEP'99. Proceedings Ninth International Workshop Software Technology and Engineering Practice},
  title={Automatic clustering of software systems using a genetic algorithm},
  year={1999},
  organization={IEEE},
  pages={73--81},
}

@inproceedings{kebir2012comparing,
  title={Comparing and combining genetic and clustering algorithms for software component identification from object-oriented code},
  author={Kebir, Selim and Seriai, Abdelhak-Djamel and Chaoui, Allaoua and Chardigny, Sylvain},
  booktitle={Proceedings of the Fifth International C* Conference on Computer Science and Software Engineering},
  pages={1--8},
  year={2012}
}

@inproceedings{mancoridis1998using,
  title={Using automatic clustering to produce high-level system organizations of source code},
  author={Mancoridis, Spiros and Mitchell, Brian S and Rorres, Chris and Chen, Y and Gansner, Emden R},
  booktitle={Proceedings. 6th International Workshop on Program Comprehension. IWPC'98 (Cat. No. 98TB100242)},
  pages={45--52},
  year={1998},
  organization={IEEE}
}

@inproceedings{mitchell2003heuristic,
  title={A heuristic approach to solving the software clustering problem},
  author={Mitchell, Brian S},
  booktitle={International Conference on Software Maintenance, 2003. ICSM 2003. Proceedings.},
  pages={285--288},
  year={2003},
  organization={IEEE}
}

@inproceedings{mitchell2001craft,
  title={Craft: a framework for evaluating software clustering results in the absence of benchmark decompositions [clustering results analysis framework and tools]},
  author={Mitchell, Brian S and Mancoridis, Spiros},
  booktitle={Proceedings Eighth Working Conference on Reverse Engineering},
  pages={93--102},
  year={2001},
  organization={IEEE}
}

@inproceedings{saeidi2015search,
  title={A search-based approach to multi-view clustering of software systems},
  author={Saeidi, Amir M and Hage, Jurriaan and Khadka, Ravi and Jansen, Slinger},
  booktitle={2015 IEEE 22nd International Conference on Software Analysis, Evolution, and Reengineering (SANER)},
  pages={429--438},
  year={2015},
  organization={IEEE}
}

@inproceedings{wiggerts1997using,
  title={Using clustering algorithms in legacy systems remodularization},
  author={Wiggerts, Theo A},
  booktitle={Proceedings of the Fourth Working Conference on Reverse Engineering},
  pages={33--43},
  year={1997},
  organization={IEEE}
}
