
% PAPERS THAT ARE RELATED TO SOFTWARE CLUSTERING METHODS

@misc{fraser2018pyan3,
    author = {Fraser, David and Horner, Edmund and Jeronen, Juha and Massot, Patrick},
    title = {Pyan3: Offline call graph generator for Python 3},
    url = {https://github.com/davidfraser/pyan},
    urldate = {2021-04-21},
    year = {2018}
}

@article{kuhn2007semantic,
  title={Semantic clustering: Identifying topics in source code},
  author={Kuhn, Adrian and Ducasse, St{\'e}phane and G{\^\i}rba, Tudor},
  journal={Information and software technology},
  volume={49},
  number={3},
  pages={230--243},
  year={2007},
  publisher={Elsevier}
}

@misc{rogowski2021code2flow,
    author = {Rogowski, Scott},
    title = {Code2flow generates call graphs for dynamic programming language},
    url = {https://github.com/scottrogowski/code2flow},
    urldate = {21-04-2021},
    year = {2021}
}

@article{salis15pycg,
  title={PyCG: Practical Call Graph Generation in Python},
  author={Salis, Vitalis and Sotiropoulos, Thodoris and Louridas, Panos and Spinellis, Diomidis and Mitropoulos, Dimitris},
  journal={nature},
  volume={15},
  pages={16}
}

@misc{scitools2021understand,
    author = {Scitools},
    title = {The understand tool},
    url = {https://scitools.com/},
    urldate = {2021-04-21},
    year = {2021}
}

@inproceedings{yu2019empirical,
  title={Empirical study of Python call graph},
  author={Yu, Li},
  booktitle={2019 34th IEEE/ACM International Conference on Automated Software Engineering (ASE)},
  pages={1274--1276},
  year={2019},
  organization={IEEE}
}

@misc{zhang2018depends,
    author = {Zhang, Gang and Wuxia, Jin},
    mendeley-groups = {Static Analysis},
    title = {Depends is a fast, comprehensive code dependency analysis tool},
    url = {https://github.com/multilang-depends/depends},
    urldate = {2021-04-21},
    year = {2018}
}
